<?xml version="1.0" encoding="UTF-8"?><collection xmlns="http://www.loc.gov/MARC21/slim"><record><leader>00498nam--2200181-i-4500</leader><controlfield tag="001">000010573</controlfield><controlfield tag="002">20161230</controlfield><controlfield tag="005">20161230201028</controlfield><controlfield tag="008">060222s1000------------r-----000-0-fre-d</controlfield><datafield ind1=" " ind2=" " tag="040"><subfield code="a">IFIN-HH</subfield></datafield><datafield ind1=" " ind2=" " tag="041"><subfield code="a">fre</subfield></datafield><datafield ind1=" " ind2=" " tag="080"><subfield code="a">015:537.226</subfield></datafield><datafield ind1="1" ind2=" " tag="100"><subfield code="a">Clausse, Marc</subfield></datafield><datafield ind1="1" ind2="0" tag="245"><subfield code="a">Contribution a l'etude des proprietes dielectriques des emulsions</subfield><subfield code="b">These</subfield><subfield code="c">Marc clausse</subfield></datafield><datafield ind1=" " ind2=" " tag="260"><subfield code="a">Pau, , 1971</subfield><subfield code="b">Universite De Pau</subfield><subfield code="c">1971</subfield></datafield><datafield ind1=" " ind2=" " tag="300"><subfield code="a">329 P</subfield></datafield><datafield ind1=" " ind2=" " tag="852"><subfield code="a">38254</subfield><subfield code="c">537.226</subfield></datafield><datafield ind1=" " ind2=" " tag="CAT"><subfield code="a">Sys</subfield><subfield code="c">20110706</subfield><subfield code="h">131637</subfield></datafield></record></collection>